<record><leader>00000cas a22000007a 4500</leader><controlfield tag="001">19773436</controlfield><controlfield tag="008">890527c19839999njuwr ne      0    0eng d</controlfield><datafield ind1=" " ind2=" " tag="010"><subfield code="a">sn 89069120 </subfield></datafield><datafield ind1=" " ind2=" " tag="040"><subfield code="a">NJW</subfield><subfield code="b">eng</subfield><subfield code="c">NJW</subfield><subfield code="d">OCLCQ</subfield></datafield><datafield ind1=" " ind2=" " tag="042"><subfield code="a">msc</subfield></datafield><datafield ind1="0" ind2=" " tag="130"><subfield code="a">Regional herald (Lincoln Park, N.J. : 1983)</subfield></datafield><datafield ind1="1" ind2="4" tag="245"><subfield code="a">The regional herald.</subfield></datafield><datafield ind1=" " ind2=" " tag="260"><subfield code="a">Lincoln Park, N.J. :</subfield><subfield code="b">Jannet H. Merritt,</subfield><subfield code="c">1983-</subfield></datafield><datafield ind1=" " ind2=" " tag="310"><subfield code="a">Weekly</subfield></datafield><datafield ind1="0" ind2=" " tag="362"><subfield code="a">Vol. 1, no. 1 (Oct. 5, 1983)-</subfield></datafield><datafield ind1=" " ind2=" " tag="580"><subfield code="a">Formed by the union of: Fairfield herald (Fairfield, N.J.), Greater Montville herald, and: Lincoln herald (Lincoln Park, N.J. : 1968).</subfield></datafield><datafield ind1=" " ind2=" " tag="752"><subfield code="a">United States</subfield><subfield code="b">New Jersey</subfield><subfield code="c">Morris</subfield><subfield code="d">Lincoln Park.</subfield></datafield><datafield ind1="1" ind2="4" tag="780"><subfield code="t">Fairfield herald (Fairfield, N.J.)</subfield></datafield><datafield ind1="1" ind2="4" tag="780"><subfield code="t">Greater Montville herald</subfield></datafield><datafield ind1="1" ind2="4" tag="780"><subfield code="t">Lincoln herald (Lincoln Park, N.J. : 1968)</subfield><subfield code="w">(DLC)sn 89069100</subfield></datafield></record>